% ==============================================================================
% ==============================================================================
% ------------------------------------Buecher-----------------------------------
%@book{<+key+>,
%  Notwendig: author,title,publisher,year
%  Optional: volume,number,series,address,edition,month,isbn,note
%  ISBN-Angabe bitte möglichst nicht verwenden
%}
% ------------------Artikel einer Zeitung oder eines Magazins-------------------
%@article{<+key+>,
%  Notwendig: author,title,journal,year
%  Optional: volume,number,pages,month,note,doi/url+urldate
%}
% ----------------------------- Konferenzbeitraege -----------------------------
%@inproceedings{<+key+>,
%  Notwendig: author,title,booktitle,year,editor,publisher
%  Optional: series,volume,number,pages,address,month,organization,note,
%   doi/url+urldate
%}
% ----------------------------------Onlinequellen-------------------------------
%@online{<+key+>,
%  Notwendig: author,title,year,url+urldate
%  Optional: version,organization,month,note
%}
% ----------------------------------Weitere-------------------------------------
%@incollection{<+key+>,
%  Notwendig: author,title,booktitle,year,editor,publisher
%  Optional: series,volume,number,type,chapter,pages,address,edition,
%    month,isbn,note,doi/url+urldate
%}
%@patent{<key>,
%  Notwendig: author,title,number,year
%  Optioal: holder,version,month,type,address,note,doi/url+urldate
%}
%@thesis{<key>,
%  Notwendig: author,title,type,institution,year
%  Optional: month,pubstate,address,note,doi/url+urldate
%}
%@unpublished{<key>,
%  Notwendig: author,title,year
%  Optional: month,pubstate,address,note,url+urldate
%}
%@misc{<+key+>,
%  Notwendig: author,title,year
%  Optional: howpublished,version,organization,month,address,note,url+urldate
%}
% ==============================================================================

% ==============================================================================
% Einleitung

% ==============================================================================
% TG - Machine Learning
@Inbook{Kerner2020,
author="Kerner, S{\"o}ren
and Leveling, Jens
and Urbann, Oliver
and Weickhmann, Luise
and Otten, Maximilian
and Vogel, Maurice",
editor="ten Hompel, Michael
and Bauernhansl, Thomas
and Vogel-Heuser, Birgit",
title="Anwendungsfelder von k{\"u}nstlicher Intelligenz in Industrie-4.0-Systemen",
bookTitle="Handbuch Industrie 4.0: Band 3: Logistik",
year="2020",
publisher="Springer Berlin Heidelberg",
address="Berlin, Heidelberg",
pages="227--250"
}

@incollection{ElNaqa.2015b,
 author = {{El Naqa}, Issam and Murphy, Martin J.},
 title = {What Is Machine Learning?},
 pages = {3--11},
 volume = {3},
 publisher = {{Springer International Publishing}},
 editor = {{El Naqa}, Issam and Li, Ruijiang and Murphy, Martin J.},
 booktitle = {Machine Learning in Radiation Oncology},
 year = {2015},
 address = {Cham}
}

@article{rojas2001kunstliche,
  title={K{\"u}nstliche neuronale Netze als neues Paradigma der Informationsverarbeitung},
  author={Rojas, Ra{\'u}l},
  journal={Neurowissenschaften und Philosophie: eine Einf{\"u}hrung. Frankfurt am Main: UTB},
  pages={269--297},
  year={2001}
}

@inproceedings{shinde,
    title = {A Review of Machine Learning and Deep Learning Applications},
    author = {Shinde, Pramila and Shah, Seema},
    year = {2018},
    booktitle = {2018 Fourth International Conference on Computing Communication Control and Automation},
    page = {1--6}
}

@online{euki,
  title={{Was ist künstliche Intelligenz und wie wird sie genutzt?}},
  author = {Europäisches Parlament},
  year={2020},
  url={"https://www.europarl.europa.eu/news/de/headlines/society/20200827STO85804/was-ist-kunstliche-intelligenz-und-wie-wird-sie-genutzt"},
  url-date={27.04.2022}
}
@inproceedings{strobel2019aspects,
  title={Aspects of transparency in machine learning},
  author={Strobel, Martin},
  booktitle={Proceedings of the 18th International Conference on Autonomous Agents and MultiAgent Systems},
  pages={2449--2451},
  year={2019}
}

@book{Wuttke.2022,
 author = {Wuttke, Laurenz},
 year = {2022},
 title = {Praxisleitfaden f{\"u}r K{\"u}nstliche Intelligenz in Marketing und Vertrieb: Beispiele, Konzepte und Anwendungsf{\"a}lle},
 address = {Wiesbaden},
 edition = {1st ed. 2021},
 publisher = {{Springer Fachmedien Wiesbaden} and {Imprint Springer Gabler}},
 series = {Springer eBook Collection}
}

@book{Alpaydin+2019,
author = {Ethem Alpaydin},
title = {Maschinelles Lernen},
year = {2019},
publisher = {De Gruyter Oldenbourg}
}

@inbook{ayodele,
author = {Ayodele, Taiwo},
year = {2010},
month = {02},
pages = {},
title = {Types of Machine Learning Algorithms}
}

@book{Choo.2020,
 author = {Choo, Kenny and Greplova, Eliska and Fischer, Mark H. and Neupert, Titus},
 year = {2020},
 title = {Machine Learning kompakt: Ein Einstieg f{\"u}r Studierende der Naturwissenschaften},
 address = {Wiesbaden},
 publisher = {{Springer Spektrum}}
}

@book{Verdhan.2020,
 author = {Verdhan, Vaibhav},
 year = {2020},
 title = {Supervised Learning with Python},
 address = {Berkeley, CA},
 publisher = {Apress}
}

@book{Cleve.2020,
 author = {Cleve, J{\"u}rgen and L{\"a}mmel, Uwe},
 year = {2020},
 title = {Data Mining},
 address = {Berlin and Boston},
 edition = {3. Auflage},
 publisher = {{De Gruyter}},
 institution = {{Walter de Gruyter GmbH {\&} Co. KG}}
}

@book{Lorenz.2020,
 author = {Lorenz, Uwe},
 year = {2020},
 title = {Reinforcement Learning: Aktuelle Ans{\"a}tze Verstehen - Mit Beispielen in Java und Greenfoot},
 address = {Berlin, Heidelberg},
 publisher = {{Springer Berlin / Heidelberg}},
}

@online{MicrosoftML,
  author  = {Microsoft},
  title   = {How to select algorithms for Azure Machine Learning},
  date    = {2022},
  url     = {https://docs.microsoft.com/en-us/azure/machine-learning/how-to-select-algorithms},
  urldate = {2022-03-28},
}

@article{dobel2018maschinelles,
  title={Maschinelles Lernen--Kompetenzen, Anwendungen und Forschungsbedarf},
  author={D{\"o}bel, Inga and Leis, Miriam and Vogelsang, Manuel Molina and Neustroev, Dmitry and Petzka, Henning and R{\"u}ping, Stefan and Voss, Angelika and Wegele, Martin and Welz, Juliane},
  journal={Fraunhofer IAIS, Fraunhofer IMW, Fraunhofer Zentrale. Zugriff am},
  volume={21},
  pages={2020},
  year={2018}
}

@inproceedings{alzubi2018machine,
  title={Machine learning from theory to algorithms: an overview},
  author={Alzubi, Jafar and Nayyar, Anand and Kumar, Akshi},
  booktitle={Journal of physics: conference series},
  volume={1142},
  number={1},
  pages={012012},
  year={2018},
  organization={IOP Publishing}
}
@article{sarker2021machine,
  title={Machine learning: Algorithms, real-world applications and research directions},
  author={Sarker, Iqbal H},
  journal={SN Computer Science},
  volume={2},
  number={3},
  pages={1--21},
  year={2021},
  publisher={Springer}
}

@book{Ng.2018,
 author = {Ng, Annalyn and Soo, Kenneth},
 year = {2018},
 title = {Data Science -- was ist das eigentlich?!},
 address = {Berlin, Heidelberg},
 publisher = {{Springer Berlin Heidelberg}}
}

@book{Breiman.2017,
 author = {Breiman, Leo and Friedman, Jerome H. and Olshen, Richard A. and Stone, Charles J.},
 year = {2017},
 title = {Classification And Regression Trees},
 publisher = {Routledge}
}

@inproceedings{borgelt1998attributauswahlmasse,
  title={Attributauswahlma{\ss}e f{\"u}r die induktion von entscheidungsb{\"a}umen: Ein {\"u}berblick},
  author={Borgelt, Christian and Kruse, Rudolf},
  booktitle={Data Mining},
  pages={77--98},
  year={1998},
  organization={Springer}
}

@online{Fiori-online,
  title={K-Means Clustering using Python},
  author = {Fiori, Luigi},
  year={2020},
  url={"https://medium.com/@luigi.fiori.lf0303/k-means-clustering-using-python-db57415d26e6/"},
  url-date={08.05.2022}
}

@book{Matzka.2021,
 author = {Matzka, Stephan},
 year = {2021},
 title = {K{\"u}nstliche Intelligenz in den Ingenieurwissenschaften: Maschinelles Lernen verstehen und bewerten},
 address = {Wiesbaden},
 publisher = {Springer Fachmedien Wiesbaden}
}

@article{noble2006support,
  title={What is a support vector machine?},
  author={Noble, William S},
  journal={Nature biotechnology},
  volume={24},
  number={12},
  pages={1565--1567},
  year={2006},
  publisher={Nature Publishing Group}
}

@online{Navlani2019,
  author  = {Navlani, Avinash},
  title   = {Understanding Logistic Regression in Python Tutorial},
  date    = {2019},
  url     = {https://www.datacamp.com/tutorial/understanding-logistic-regression-python},
  urldate = {2022-05-11},
}

@book{Kalisch.2021,
 author = {Kalisch, Markus and Meier, Lukas},
 year = {2021},
 title = {Logistische Regression: Eine anwendungsorientierte Einf{\"u}hrung mit R},
 publisher = {{Springer Nature}},
}

@book{Kersting.2019,
 year = {2019},
 author = {Kersting, Kristian and Lampert, Christoph},
 title = {Wie Maschinen lernen: K{\"u}nstliche Intelligenz verst{\"a}ndlich erkl{\"a}rt},
 address = {Wiesbaden},
 publisher = {Springer}
}

@book{Behnke.2015,
 author = {Behnke, Joachim},
 year = {2015},
 title = {Logistische Regressionsanalyse: Eine Einf{\"u}hrung},
 address = {Wiesbaden},
 publisher = {{Springer VS}}
}

@book{Backhaus.2016,
 author = {Backhaus, Klaus},
 year = {2016},
 title = {Multivariate Analysemethoden: Eine anwendungsorientierte Einf{\"u}hrung},
 address = {Berlin, Heidelberg},
 edition = {14. Aufl. 2016},
 publisher = {{Springer Gabler}}
}

@article{janiesch2021machine,
  title={Machine learning and deep learning},
  author={Janiesch, Christian and Zschech, Patrick and Heinrich, Kai},
  journal={Electronic Markets},
  volume={31},
  number={3},
  pages={685--695},
  year={2021},
  publisher={Springer}
}

@inproceedings{weber2019new,
  title={A New Process Model for the Comprehensive Management of Machine Learning Models.},
  author={Weber, Christian and Hirmer, Pascal and Reimann, Peter and Schwarz, Holger},
  booktitle={ICEIS (1)},
  pages={415--422},
  year={2019}
}

@online{IBMCRISP,
  author  = {IBM},
  title   = {CRISP-DM Dokumentation},
  url     = {https://www.ibm.com/docs/de/spss-modeler/SaaS?topic=dm-crisp-help-overview},
  urldate = {2022-05-23},
}

@article{fayyad1996data,
  title={From data mining to knowledge discovery in databases},
  author={Fayyad, Usama and Piatetsky-Shapiro, Gregory and Smyth, Padhraic},
  journal={AI magazine},
  volume={17},
  number={3},
  pages={37--37},
  year={1996}
}

@article{kreuzberger2022machine,
  title={Machine Learning Operations (MLOps): Overview, Definition, and Architecture},
  author={Kreuzberger, Dominik and K{\"u}hl, Niklas and Hirschl, Sebastian},
  journal={arXiv preprint arXiv:2205.02302},
  year={2022}
}

@book{Dorn.2018,
 author = {D{\"o}rn, Sebastian},
 year = {2018},
 title = {Programmieren f{\"u}r Ingenieure und Naturwissenschaftler: Intelligente Algorithmen und digitale Technologien},
 address = {Berlin, Heidelberg},
 edition = {1. Aufl. 2018},
 publisher = {{Springer Berlin Heidelberg}}
}

@book{dehen2012bayes,
  title={Bayes-Netzwerke f{\"u}r die Kostenprognose in der fr{\"u}hen Phase der Produktentwicklung},
  author={Dehen, Frank and Feldhusen, J{\"o}rg},
  year={2012},
  publisher={Shaker}
}

@article{wittig2002maschinelles,
  title={Maschinelles Lernen Bayes' scher Netze in benutzeradaptiven Systemen},
  author={Wittig, Frank},
  year={2002}
}

@online{WolfewiczML,
  author  = {Wolfewicz, Arne},
  title   = {Deep Learning vs. Machine Learning – What’s The Difference?},
  date  = {2022-04-21},
  url     = {https://levity.ai/blog/difference-machine-learning-deep-learning},
  urldate = {2022-05-23}
}

@article{dalal2011automatic,
  title={Automatic text classification: a technical review},
  author={Dalal, Mita K and Zaveri, Mukesh A},
  journal={International Journal of Computer Applications},
  volume={28},
  number={2},
  pages={37--40},
  year={2011},
  publisher={International Journal of Computer Applications, 244 5 th Avenue,\# 1526, New~…}
}

@inproceedings{bafna2016document,
  title={Document clustering: TF-IDF approach},
  author={Bafna, Prafulla and Pramod, Dhanya and Vaidya, Anagha},
  booktitle={2016 International Conference on Electrical, Electronics, and Optimization Techniques (ICEEOT)},
  pages={61--66},
  year={2016},
  organization={IEEE}
}

@book{Cady.2017,
 author = {Cady, Field},
 year = {2017},
 title = {The data science handbook},
 address = {Hoboken, NJ},
 publisher = {{John Wiley {\&} Sons Inc}}
}

@article{bacstanlar2014introduction,
  title={Introduction to machine learning},
  author={Ba{\c{s}}tanlar, Yalin and {\"O}zuysal, Mustafa},
  journal={miRNomics: MicroRNA biology and computational analysis},
  pages={105--128},
  year={2014},
  publisher={Springer}
}

@inproceedings{mikolajczyk2018data,
  title={Data augmentation for improving deep learning in image classification problem},
  author={Miko{\l}ajczyk, Agnieszka and Grochowski, Micha{\l}},
  booktitle={2018 international interdisciplinary PhD workshop (IIPhDW)},
  pages={117--122},
  year={2018},
  organization={IEEE}
}

@article{chen2018lifelong,
  title={Lifelong learning for sentiment classification},
  author={Chen, Zhiyuan and Ma, Nianzu and Liu, Bing},
  journal={arXiv preprint arXiv:1801.02808},
  year={2018}
}

@article{halkidi2001clustering,
  title={On clustering validation techniques},
  author={Halkidi, Maria and Batistakis, Yannis and Vazirgiannis, Michalis},
  journal={Journal of intelligent information systems},
  volume={17},
  number={2},
  pages={107--145},
  year={2001},
  publisher={Springer}
}

@article{kotsiantis2007supervised,
  title={Supervised machine learning: A review of classification techniques},
  author={Kotsiantis, Sotiris B and Zaharakis, Ioannis and Pintelas, P and others},
  journal={Emerging artificial intelligence applications in computer engineering},
  volume={160},
  number={1},
  pages={3--24},
  year={2007},
  publisher={Amsterdam}
}

@article{nguyen2021influence,
  title={Influence of data splitting on performance of machine learning models in prediction of shear strength of soil},
  author={Nguyen, Quang Hung and Ly, Hai-Bang and Ho, Lanh Si and Al-Ansari, Nadhir and Le, Hiep Van and Tran, Van Quan and Prakash, Indra and Pham, Binh Thai},
  journal={Mathematical Problems in Engineering},
  volume={2021},
  year={2021},
  publisher={Hindawi}
}

@article{coleman2019analysis,
  title={Analysis of dawnbench, a time-to-accuracy machine learning performance benchmark},
  author={Coleman, Cody and Kang, Daniel and Narayanan, Deepak and Nardi, Luigi and Zhao, Tian and Zhang, Jian and Bailis, Peter and Olukotun, Kunle and R{\'e}, Chris and Zaharia, Matei},
  journal={ACM SIGOPS Operating Systems Review},
  volume={53},
  number={1},
  pages={14--25},
  year={2019},
  publisher={ACM New York, NY, USA}
}

@book{perry2009cross,
  title={Cross-validation for unsupervised learning},
  author={Perry, Patrick O},
  year={2009},
  publisher={Stanford University}
}

@article{raschka2018model,
  title={Model evaluation, model selection, and algorithm selection in machine learning},
  author={Raschka, Sebastian},
  journal={arXiv preprint arXiv:1811.12808},
  year={2018}
}

@book{Ertel.2021,
 author = {Ertel, Wolfgang},
 year = {2021},
 title = {Grundkurs K{\"u}nstliche Intelligenz: Eine praxisorientierte Einf{\"u}hrung},
 address = {Wiesbaden},
 edition = {5. Auflage},
 publisher = {{Springer Vieweg}},
 isbn = {978-3-658-32075-1},
 series = {Springer eBook Collection}
}

@online{MuellerKI,
  author  = {{Müller, Tobias}},
  title   = {Spielarten der Künstlichen Intelligenz: Maschinelles Lernen und Künstliche Neuronale Netze},
  date  = {2019-05-24},
  url     = {https://blog.iao.fraunhofer.de/spielarten-der-kuenstlichen-intelligenz-maschinelles-lernen-und-kuenstliche-neuronale-netze/},
  institution = {Fraunhofer},
  urldate = {2022-06-08}
}

@inproceedings{xu2019explainable,
  title={Explainable AI: A brief survey on history, research areas, approaches and challenges},
  author={Xu, Feiyu and Uszkoreit, Hans and Du, Yangzhou and Fan, Wei and Zhao, Dongyan and Zhu, Jun},
  booktitle={CCF international conference on natural language processing and Chinese computing},
  pages={563--574},
  year={2019},
  organization={Springer}
}

@article{sheh2018defining,
  title={Defining explainable ai for requirements analysis},
  author={Sheh, Raymond and Monteath, Isaac},
  journal={KI-K{\"u}nstliche Intelligenz},
  volume={32},
  number={4},
  pages={261--266},
  year={2018},
  publisher={Springer}
}

@article{doran2017does,
  title={What does explainable AI really mean? A new conceptualization of perspectives},
  author={Doran, Derek and Schulz, Sarah and Besold, Tarek R},
  journal={arXiv preprint arXiv:1710.00794},
  year={2017}
}

@article{antoniadi2021current,
  title={Current challenges and future opportunities for XAI in machine learning-based clinical decision support systems: a systematic review},
  author={Antoniadi, Anna Markella and Du, Yuhan and Guendouz, Yasmine and Wei, Lan and Mazo, Claudia and Becker, Brett A and Mooney, Catherine},
  journal={Applied Sciences},
  volume={11},
  number={11},
  pages={5088},
  year={2021},
  publisher={Multidisciplinary Digital Publishing Institute}
}

@book{kamath2021explainable,
  title={Explainable Artificial Intelligence: An Introduction to Interpretable Machine Learning},
  author={Kamath, Uday and Liu, John},
  year={2021},
  publisher={Springer}
}

@inproceedings{holzinger2018machine,
  title={From machine learning to explainable AI},
  author={Holzinger, Andreas},
  booktitle={2018 world symposium on digital intelligence for systems and machines (DISA)},
  pages={55--66},
  year={2018},
  organization={IEEE}
}

@inproceedings{goebel2018explainable,
  title={Explainable ai: the new 42?},
  author={Goebel, Randy and Chander, Ajay and Holzinger, Katharina and Lecue, Freddy and Akata, Zeynep and Stumpf, Simone and Kieseberg, Peter and Holzinger, Andreas},
  booktitle={International cross-domain conference for machine learning and knowledge extraction},
  pages={295--303},
  year={2018},
  organization={Springer}
}

@inproceedings{ribeiro2016should,
  title={" Why should i trust you?" Explaining the predictions of any classifier},
  author={Ribeiro, Marco Tulio and Singh, Sameer and Guestrin, Carlos},
  booktitle={Proceedings of the 22nd ACM SIGKDD international conference on knowledge discovery and data mining},
  pages={1135--1144},
  year={2016}
}

@article{montavon2019layer,
  title={Layer-wise relevance propagation: an overview},
  author={Montavon, Gr{\'e}goire and Binder, Alexander and Lapuschkin, Sebastian and Samek, Wojciech and M{\"u}ller, Klaus-Robert},
  journal={Explainable AI: interpreting, explaining and visualizing deep learning},
  pages={193--209},
  year={2019},
  publisher={Springer}
}

@online{DudenTransparenz,
  author  = {Duden},
  title   = {Deep Learning vs. Machine Learning – What’s The Difference?},
  url     = {https://www.duden.de/rechtschreibung/Transparenz},
  urldate = {2022-06-10}
}

@article{bedner2010schutzziele,
  title={Schutzziele der IT-Sicherheit},
  author={Bedner, Mark and Ackermann, Tobias},
  journal={Datenschutz und Datensicherheit-DuD},
  volume={34},
  number={5},
  pages={323--328},
  year={2010},
  publisher={Springer}
}

@article{rudin2019stop,
  title={Stop explaining black box machine learning models for high stakes decisions and use interpretable models instead},
  author={Rudin, Cynthia},
  journal={Nature Machine Intelligence},
  volume={1},
  number={5},
  pages={206--215},
  year={2019},
  publisher={Nature Publishing Group}
}

@book{fink2020quick,
  title={Quick Guide KI-Projekte--einfach machen: K{\"u}nstliche Intelligenz in Service, Marketing und Sales erfolgreich einf{\"u}hren},
  author={Fink, Verena},
  year={2020},
  publisher={Springer-Verlag}
}

@incollection{weller2019transparency,
  title={Transparency: motivations and challenges},
  author={Weller, Adrian},
  booktitle={Explainable AI: interpreting, explaining and visualizing deep learning},
  pages={23--40},
  year={2019},
  publisher={Springer}
}

@misc{DSGVO,
  author={EU},
  title={{EU 2016/679 Datenschutz-Grundverordnung}},
  year={2016},
  note={\newline\url{https://dsgvo-gesetz.de/}},
}

@misc{EUVorschlag,
  author={EU},
  title={{Vorschlag für eine Verordnung des Europ\"{a}ischen Parlaments und des Rates zur Festlegung harmonisierter Vorschriften f{\"u}r k{\"u}nstliche Intelligenz (Gesetz {\"u}ber k{\"u}nstliche Intelligenz) und zur \"{A}nderung bestimmter Rechtsakte der Union}},
  year={2021},
}

@article{singh2018decision,
  title={Decision provenance: Harnessing data flow for accountable systems},
  author={Singh, Jatinder and Cobbe, Jennifer and Norval, Chris},
  journal={IEEE Access},
  volume={7},
  pages={6562--6574},
  year={2018},
  publisher={IEEE}
}

@book{bass2003software,
  title={Software architecture in practice},
  author={Bass, Len and Clements, Paul and Kazman, Rick},
  year={2003},
  publisher={Addison-Wesley Professional}
}

@inproceedings{rodvold1999software,
  title={A software development process model for artificial neural networks in critical applications},
  author={Rodvold, David M},
  booktitle={IJCNN'99. International Joint Conference on Neural Networks. Proceedings (Cat. No. 99CH36339)},
  volume={5},
  pages={3317--3322},
  year={1999},
  organization={IEEE}
}

@article{konigstorfer2021software,
  title={Software documentation is not enough! Requirements for the documentation of AI},
  author={K{\"o}nigstorfer, Florian and Thalmann, Stefan},
  journal={Digital Policy, Regulation and Governance},
  year={2021},
  publisher={Emerald Publishing Limited}
}

@inproceedings{vom_Brooke_2009,
	title = {{RECONSTRUCTING} {THE} {GIANT}: {ON} {THE} {IMPORTANCE} {OF} {RIGOUR} {IN} {DOCUMENTING} {THE} {LITERATURE} {SEARCH} {PROCESS}},
	url = {https://aisel.aisnet.org/ecis2009},
	language = {en},
	author = {vom Brocke, Jan and Simons, Alexander and Niehaves, Bj\"orn and Reimer, Kai and Plattfaut, Ralf and Cleven, Anne},
	pages = {14},
	booktitle = {ECIS 2009 Proceedings},
	publisher = {AIS Electronic Library (AISeL)},
	volume = {161},
	year = {2009},
}
@article{Webster2002AnalyzingTP,
  title={Analyzing the Past to Prepare for the Future: Writing a Literature Review},
  author={Jane Webster and Richard Thomas Watson},
  journal={MIS Q.},
  year={2002},
  volume={26}
}
@article{cooper_organizing_1988,
	title = {Organizing knowledge syntheses: {A} taxonomy of literature reviews},
	volume = {1},
	issn = {0897-1986},
	shorttitle = {Organizing knowledge syntheses},
	url = {http://link.springer.com/10.1007/BF03177550 },
	doi = {10.1007/BF03177550},
	language = {en},
	number = {1},
	urldate = {2022-03-05},
	journal = {Knowledge in Society},
	author = {Cooper, Harris M.},
	month = mar,
	year = {1988},
	pages = {104--126},
}

@book{Brink.2013,
 author = {Brink, Alfred},
 year = {2013},
 title = {Anfertigung wissenschaftlicher Arbeiten: Ein prozessorientierter Leitfaden zur Erstellung von Bachelor-, Master- und Diplomarbeiten},
 address = {Wiesbaden},
 edition = {4., korr. und aktualisierte Aufl. 2013},
 publisher = {{Springer Gabler}},
 isbn = {978-3-8349-4397-2},
 series = {Springer eBook Collection},
 doi = {10.1007/978-3-8349-4397-2},
 file = {https://swbplus.bsz-bw.de/bsz373429762cov.jpg}
}

% ==============================================================================
% Literaturrecherche

% ==============================================================================
@inproceedings{weitz2019you,
  title={" Do you trust me?" Increasing user-trust by integrating virtual agents in explainable AI interaction design},
  author={Weitz, Katharina and Schiller, Dominik and Schlagowski, Ruben and Huber, Tobias and Andr{\'e}, Elisabeth},
  booktitle={Proceedings of the 19th ACM International Conference on Intelligent Virtual Agents},
  pages={7--9},
  year={2019}
}

@article{cai2019hello,
  title={" Hello AI": uncovering the onboarding needs of medical practitioners for human-AI collaborative decision-making},
  author={Cai, Carrie J and Winter, Samantha and Steiner, David and Wilcox, Lauren and Terry, Michael},
  journal={Proceedings of the ACM on Human-computer Interaction},
  volume={3},
  number={CSCW},
  pages={1--24},
  year={2019},
  publisher={ACM New York, NY, USA}
}

@inproceedings{sendak2020human,
  title={" The human body is a black box" supporting clinical decision-making with deep learning},
  author={Sendak, Mark and Elish, Madeleine Clare and Gao, Michael and Futoma, Joseph and Ratliff, William and Nichols, Marshall and Bedoya, Armando and Balu, Suresh and O'Brien, Cara},
  booktitle={Proceedings of the 2020 conference on fairness, accountability, and transparency},
  pages={99--109},
  year={2020}
}

@incollection{zhou20182d,
  title={2D transparency space—bring domain users and machine learning experts together},
  author={Zhou, Jianlong and Chen, Fang},
  booktitle={Human and Machine Learning},
  pages={3--19},
  year={2018},
  publisher={Springer}
}
@inproceedings{tsiakmaki2021case,
  title={A Case Study of Interpretable Counterfactual Explanations for the Task of Predicting Student Academic Performance},
  author={Tsiakmaki, Maria and Ragos, Omiros},
  booktitle={2021 25th International Conference on Circuits, Systems, Communications and Computers (CSCC)},
  pages={120--125},
  year={2021},
  organization={IEEE}
}

@incollection{suresh2021framework,
  title={A framework for understanding sources of harm throughout the machine learning life cycle},
  author={Suresh, Harini and Guttag, John},
  booktitle={Equity and access in algorithms, mechanisms, and optimization},
  pages={1--9},
  year={2021}
}
@article{vaughan2020human,
  title={A human-centered agenda for intelligible machine learning},
  author={Vaughan, Jennifer Wortman and Wallach, Hanna},
  journal={Machines We Trust: Getting Along with Artificial Intelligence},
  year={2020}
}
@inproceedings{schoeffer2022human,
  title={A Human-Centric Perspective on Fairness and Transparency in Algorithmic Decision-Making},
  author={Schoeffer, Jakob},
  booktitle={CHI Conference on Human Factors in Computing Systems Extended Abstracts},
  pages={1--6},
  year={2022}
}
@inproceedings{hasib2022machine,
  title={A Machine Learning and Explainable AI Approach for Predicting Secondary School Student Performance},
  author={Hasib, Khan Md and Rahman, Farhana and Hasnat, Rashik and Alam, Md Golam Rabiul},
  booktitle={2022 IEEE 12th Annual Computing and Communication Workshop and Conference (CCWC)},
  pages={0399--0405},
  year={2022},
  organization={IEEE}
}
@inproceedings{rajabiyazdi2020machine,
  title={A Machine Learning-Based Micro-World Platform for Condition-Based Maintenance},
  author={Rajabiyazdi, Fahimeh and Jamieson, Greg A and others},
  booktitle={2020 IEEE International Conference on Systems, Man, and Cybernetics (SMC)},
  pages={288--295},
  year={2020},
  organization={IEEE}
}
@article{chen2021novel,
  title={A novel explainable deep belief network framework and its application for feature importance analysis},
  author={Chen, Qili and Pan, Guangyuan and Chen, Wenbai and Wu, Peiliang},
  journal={IEEE Sensors Journal},
  volume={21},
  number={22},
  pages={25001--25009},
  year={2021},
  publisher={IEEE}
}

@inproceedings{wang2005novel,
  title={A novel feature decomposition method to develop multi-hierarchy model},
  author={Wang, Qing-Dong and Dai, Hua-Ping and Sun, Youxian},
  booktitle={Proceedings of the 2005, American Control Conference, 2005.},
  pages={3157--3161},
  year={2005},
  organization={IEEE}
}

@article{tjoa2020survey,
  title={A survey on explainable artificial intelligence (xai): Toward medical xai},
  author={Tjoa, Erico and Guan, Cuntai},
  journal={IEEE transactions on neural networks and learning systems},
  volume={32},
  number={11},
  pages={4793--4813},
  year={2020},
  publisher={IEEE}
}

@inproceedings{hanif2021survey,
  title={A Survey on Explainable Artificial Intelligence Techniques and Challenges},
  author={Hanif, Ambreen and Zhang, Xuyun and Wood, Steven},
  booktitle={2021 IEEE 25th International Enterprise Distributed Object Computing Workshop (EDOCW)},
  pages={81--89},
  year={2021},
  organization={IEEE}
}

@inproceedings{ainon2009transparent,
  title={A transparent classification model using a hybrid soft computing method},
  author={Ainon, Raja Noor and Lahsasna, Adel and Wah, Teh Ying},
  booktitle={2009 Third Asia International Conference on Modelling \& Simulation},
  pages={146--151},
  year={2009},
  organization={IEEE}
}

@article{biessmann2021turing,
  title={A Turing Test for Transparency},
  author={Biessmann, Felix and Treu, Viktor},
  journal={arXiv preprint arXiv:2106.11394},
  year={2021}
}

@inproceedings{krause2017workflow,
  title={A workflow for visual diagnostics of binary classifiers using instance-level explanations},
  author={Krause, Josua and Dasgupta, Aritra and Swartz, Jordan and Aphinyanaphongs, Yindalon and Bertini, Enrico},
  booktitle={2017 IEEE Conference on Visual Analytics Science and Technology (VAST)},
  pages={162--172},
  year={2017},
  organization={IEEE}
}

@article{raji2019ml,
  title={About ml: Annotation and benchmarking on understanding and transparency of machine learning lifecycles},
  author={Raji, Inioluwa Deborah and Yang, Jingying},
  journal={arXiv preprint arXiv:1912.06166},
  year={2019}
}

@article{de2015active,
  title={Active learning-based pedagogical rule extraction},
  author={De Fortuny, Enric Junque and Martens, David},
  journal={IEEE transactions on neural networks and learning systems},
  volume={26},
  number={11},
  pages={2664--2677},
  year={2015},
  publisher={IEEE}
}

@inproceedings{caudle2019advanced,
  title={Advanced Decision Making and Interpretability through Neural Shrubs},
  author={Caudle, Kyle and Hoover, Randy C and Alphonsus, Aaron and Shradha, Shashwati},
  booktitle={2019 18th IEEE International Conference On Machine Learning And Applications (ICMLA)},
  pages={489--494},
  year={2019},
  organization={IEEE}
}

@inproceedings{gomez2021advice,
  title={AdViCE: Aggregated Visual Counterfactual Explanations for Machine Learning Model Validation},
  author={Gomez, Oscar and Holter, Steffen and Yuan, Jun and Bertini, Enrico},
  booktitle={2021 IEEE Visualization Conference (VIS)},
  pages={31--35},
  year={2021},
  organization={IEEE}
}

@incollection{arya2021ai,
  title={AI Explainability 360 Toolkit},
  author={Arya, Vijay and Bellamy, Rachel KE and Chen, Pin-Yu and Dhurandhar, Amit and Hind, Michael and Hoffman, Samuel C and Houde, Stephanie and Liao, Q Vera and Luss, Ronny and Mojsilovi{\'c}, Aleksandra and others},
  booktitle={8th ACM IKDD CODS and 26th COMAD},
  pages={376--379},
  year={2021}
}

@inproceedings{hoang2021aid,
  title={Aid: Active distillation machine to leverage pre-trained black-box models in private data settings},
  author={Hoang, Trong Nghia and Hong, Shenda and Xiao, Cao and Low, Bryan and Sun, Jimeng},
  booktitle={Proceedings of the Web Conference 2021},
  pages={3569--3581},
  year={2021}
}

@inproceedings{shin2020algorithm,
  title={Algorithm appreciation: Algorithmic performance, developmental processes, and user interactions},
  author={Shin, Donghee and Zaid, Bouziane and Ibahrine, Mohammed},
  booktitle={2020 International Conference on Communications, Computing, Cybersecurity, and Informatics (CCCI)},
  pages={1--5},
  year={2020},
  organization={IEEE}
}

@article{de2018algorithmic,
  title={Algorithmic decision-making based on machine learning from big data: can transparency restore accountability?},
  author={De Laat, Paul B},
  journal={Philosophy \& technology},
  volume={31},
  number={4},
  pages={525--541},
  year={2018},
  publisher={Springer}
}

@article{goldenfein2019algorithmic,
  title={Algorithmic transparency and decision-making accountability: Thoughts for buying machine learning algorithms},
  author={Goldenfein, Jake},
  journal={Jake Goldenfein,'Algorithmic Transparency and Decision-Making Accountability: Thoughts for buying machine learning algorithms' in Office of the Victorian Information Commissioner (ed), Closer to the Machine: Technical, Social, and Legal aspects of AI (2019)},
  year={2019}
}

@inproceedings{datta2016algorithmic,
  title={Algorithmic transparency via quantitative input influence: Theory and experiments with learning systems},
  author={Datta, Anupam and Sen, Shayak and Zick, Yair},
  booktitle={2016 IEEE symposium on security and privacy (SP)},
  pages={598--617},
  year={2016},
  organization={IEEE}
}

@article{irion2022algorithms,
  title={Algorithms Off-Limits?},
  author={Irion, K},
  year={2022}
}

@article{blacklaws2018algorithms,
  title={Algorithms: transparency and accountability},
  author={Blacklaws, Christina},
  journal={Philosophical Transactions of the Royal Society A: Mathematical, Physical and Engineering Sciences},
  volume={376},
  number={2128},
  pages={20170351},
  year={2018},
  publisher={The Royal Society Publishing}
}

@inproceedings{hernandez2021explainable,
  title={An Explainable Artificial Intelligence (xAI) Framework for Improving Trust in Automated ATM Tools},
  author={Hernandez, Carolina Sanchez and Ayo, Samuel and Panagiotakopoulos, Dimitrios},
  booktitle={2021 IEEE/AIAA 40th Digital Avionics Systems Conference (DASC)},
  pages={1--10},
  year={2021},
  organization={IEEE}
}

@article{wang2020explainable,
  title={An explainable machine learning framework for intrusion detection systems},
  author={Wang, Maonan and Zheng, Kangfeng and Yang, Yanqing and Wang, Xiujuan},
  journal={IEEE Access},
  volume={8},
  pages={73127--73141},
  year={2020},
  publisher={IEEE}
}

@inproceedings{nourani2021anchoring,
  title={Anchoring Bias Affects Mental Model Formation and User Reliance in Explainable AI Systems},
  author={Nourani, Mahsan and Roy, Chiradeep and Block, Jeremy E and Honeycutt, Donald R and Rahman, Tahrima and Ragan, Eric and Gogate, Vibhav},
  booktitle={26th International Conference on Intelligent User Interfaces},
  pages={340--350},
  year={2021}
}

@article{huvc2021anomaly,
  title={Anomaly detection in IoT networks: From architectures to machine learning transparency},
  author={Hu{\v{c}}, Aleks and Tr{\v{c}}ek, Denis},
  journal={IEEE Access},
  volume={9},
  pages={60607--60616},
  year={2021},
  publisher={IEEE}
}

@inproceedings{kim2020answering,
  title={Answering questions about charts and generating visual explanations},
  author={Kim, Dae Hyun and Hoque, Enamul and Agrawala, Maneesh},
  booktitle={Proceedings of the 2020 CHI conference on human factors in computing systems},
  pages={1--13},
  year={2020}
}

@inproceedings{grasso2020applying,
  title={Applying algorithmic accountability frameworks with domain-specific codes of ethics: A case study in ecosystem forecasting for shellfish toxicity in the Gulf of Maine},
  author={Grasso, Isabella and Russell, David and Matthews, Abigail and Matthews, Jeanna and Record, Nicholas R},
  booktitle={Proceedings of the 2020 ACM-IMS on Foundations of Data Science Conference},
  pages={83--91},
  year={2020}
}
@inproceedings{palaniyappan2022aqx,
  title={AQX: Explaining Air Quality Forecast for Verifying Domain Knowledge using Feature Importance Visualization},
  author={Palaniyappan Velumani, Reshika and Xia, Meng and Han, Jun and Wang, Chaoli and LAU, ALEXIS K and Qu, Huamin},
  booktitle={27th International Conference on Intelligent User Interfaces},
  pages={720--733},
  year={2022}
}

@inproceedings{zucker2020arbiter,
  title={Arbiter: A Domain-Specific Language for Ethical Machine Learning},
  author={Zucker, Julian and d'Leeuwen, Myraeka},
  booktitle={Proceedings of the AAAI/ACM Conference on AI, Ethics, and Society},
  pages={421--425},
  year={2020}
}
@inproceedings{vorm2018assessing,
  title={Assessing demand for transparency in intelligent systems using machine learning},
  author={Vorm, Eric S},
  booktitle={2018 Innovations in Intelligent Systems and Applications (INISTA)},
  pages={1--7},
  year={2018},
  organization={IEEE}
}

@article{garbin2022assessing,
  title={Assessing Methods and Tools to Improve Reporting, Increase Transparency, and Reduce Failures in Machine Learning Applications in Health Care},
  author={Garbin, Christian and Marques, Oge},
  journal={Radiology: Artificial Intelligence},
  volume={4},
  number={2},
  year={2022},
  publisher={Radiological Society of North America}
}

@inproceedings{wang2019atmseer,
  title={Atmseer: Increasing transparency and controllability in automated machine learning},
  author={Wang, Qianwen and Ming, Yao and Jin, Zhihua and Shen, Qiaomu and Liu, Dongyu and Smith, Micah J and Veeramachaneni, Kalyan and Qu, Huamin},
  booktitle={Proceedings of the 2019 CHI Conference on Human Factors in Computing Systems},
  pages={1--12},
  year={2019}
}

@inproceedings{keller2020augmenting,
  title={Augmenting Decision Competence in Healthcare Using AI-based Cognitive Models},
  author={Keller, Niklas and Jenny, Mirjam A and Spies, Claudia A and Herzog, Stefan M},
  booktitle={2020 IEEE International Conference on Healthcare Informatics (ICHI)},
  pages={1--4},
  year={2020},
  organization={IEEE}
}

@inproceedings{pan2021automated,
  title={Automated detection of spectre and meltdown attacks using explainable machine learning},
  author={Pan, Zhixin and Mishra, Prabhat},
  booktitle={2021 IEEE International Symposium on Hardware Oriented Security and Trust (HOST)},
  pages={24--34},
  year={2021},
  organization={IEEE}
}

@article{waring2020automated,
  title={Automated machine learning: Review of the state-of-the-art and opportunities for healthcare},
  author={Waring, Jonathan and Lindvall, Charlotta and Umeton, Renato},
  journal={Artificial intelligence in medicine},
  volume={104},
  pages={101822},
  year={2020},
  publisher={Elsevier}
}

@inproceedings{hill2018balancing,
  title={Balancing accuracy and transparency in early alert identification of students at risk},
  author={Hill, Flynn and Fulcher, David and Sie, Rory and De Laat, Maarten},
  booktitle={2018 IEEE International Conference on Teaching, Assessment, and Learning for Engineering (TALE)},
  pages={1125--1128},
  year={2018},
  organization={IEEE}
}

@inproceedings{bandara2022bassa,
  title={Bassa-ML—A Blockchain and Model Card Integrated Federated Learning Provenance Platform},
  author={Bandara, Eranga and Shetty, Sachin and Rahman, Abdul and Mukkamala, Ravi and Zhao, Juan and Liang, Xueping},
  booktitle={2022 IEEE 19th Annual Consumer Communications \& Networking Conference (CCNC)},
  pages={753--759},
  year={2022},
  organization={IEEE}
}

@inproceedings{wenskovitch2021beyond,
  title={Beyond Visual Analytics: Human-Machine Teaming for AI-Driven Data Sensemaking},
  author={Wenskovitch, John and Fallon, Corey and Miller, Kate and Dasgupta, Aritra},
  booktitle={2021 IEEE Workshop on TRust and EXpertise in Visual Analytics (TREX)},
  pages={40--44},
  year={2021},
  organization={IEEE}
}

@article{zerka2020blockchain,
  title={Blockchain for privacy preserving and trustworthy distributed machine learning in multicentric medical imaging (C-DistriM)},
  author={Zerka, Fadila and Urovi, Visara and Vaidyanathan, Akshayaa and Barakat, Samir and Leijenaar, Ralph TH and Walsh, Sean and Gabrani-Juma, Hanif and Miraglio, Benjamin and Woodruff, Henry C and Dumontier, Michel and others},
  journal={Ieee Access},
  volume={8},
  pages={183939--183951},
  year={2020},
  publisher={IEEE}
}

@inproceedings{anjos2012bob,
  title={Bob: a free signal processing and machine learning toolbox for researchers},
  author={Anjos, Andr{\'e} and El-Shafey, Laurent and Wallace, Roy and G{\"u}nther, Manuel and McCool, Christopher and Marcel, S{\'e}bastien},
  booktitle={Proceedings of the 20th ACM international conference on Multimedia},
  pages={1449--1452},
  year={2012}
}

@article{denton2020bringing,
  title={Bringing the people back in: Contesting benchmark machine learning datasets},
  author={Denton, Emily and Hanna, Alex and Amironesei, Razvan and Smart, Andrew and Nicole, Hilary and Scheuerman, Morgan Klaus},
  journal={arXiv preprint arXiv:2007.07399},
  year={2020}
}

@inproceedings{westin2020building,
  title={Building Transparent and Personalized AI Support in Air Traffic Control},
  author={Westin, Carl and Hilburn, Brian and Borst, Clark and Van Kampen, Erik-Jan and B{\aa}ng, Magnus},
  booktitle={2020 AIAA/IEEE 39th Digital Avionics Systems Conference (DASC)},
  pages={1--8},
  year={2020},
  organization={IEEE}
}

@article{siau2018building,
  title={Building trust in artificial intelligence, machine learning, and robotics},
  author={Siau, Keng and Wang, Weiyu},
  journal={Cutter business technology journal},
  volume={31},
  number={2},
  pages={47--53},
  year={2018}
}

@article{tam2016analysis,
  title={An analysis of machine-and human-analytics in classification},
  author={Tam, Gary KL and Kothari, Vivek and Chen, Min},
  journal={IEEE transactions on visualization and computer graphics},
  volume={23},
  number={1},
  pages={71--80},
  year={2016},
  publisher={IEEE}
}

@inproceedings{lyons2013being,
  title={Being transparent about transparency: A model for human-robot interaction},
  author={Lyons, Joseph B},
  booktitle={2013 AAAI Spring Symposium Series},
  year={2013}
}

@techreport{chen2014situation,
  title={Situation awareness-based agent transparency},
  author={Chen, Jessie Y and Procci, Katelyn and Boyce, Michael and Wright, Julia and Garcia, Andre and Barnes, Michael},
  year={2014},
  institution={Army research lab aberdeen proving ground md human research and engineering~…}
}

@inproceedings{kulesza2013too,
  title={Too much, too little, or just right? Ways explanations impact end users' mental models},
  author={Kulesza, Todd and Stumpf, Simone and Burnett, Margaret and Yang, Sherry and Kwan, Irwin and Wong, Weng-Keen},
  booktitle={2013 IEEE Symposium on visual languages and human centric computing},
  pages={3--10},
  year={2013},
  organization={IEEE}
}

@inproceedings{sun2005explanation,
  title={Explanation-augmented svm: an approach to incorporating domain knowledge into svm learning},
  author={Sun, Qiang and DeJong, Gerald},
  booktitle={Proceedings of the 22nd international conference on Machine learning},
  pages={864--871},
  year={2005}
}

@article{gebru2021datasheets,
  title={Datasheets for datasets},
  author={Gebru, Timnit and Morgenstern, Jamie and Vecchione, Briana and Vaughan, Jennifer Wortman and Wallach, Hanna and Iii, Hal Daum{\'e} and Crawford, Kate},
  journal={Communications of the ACM},
  volume={64},
  number={12},
  pages={86--92},
  year={2021},
  publisher={ACM New York, NY, USA}
}

@article{linardatos2020explainable,
  title={Explainable ai: A review of machine learning interpretability methods},
  author={Linardatos, Pantelis and Papastefanopoulos, Vasilis and Kotsiantis, Sotiris},
  journal={Entropy},
  volume={23},
  number={1},
  pages={18},
  year={2020},
  publisher={MDPI}
}

@article{guidotti2018survey,
  title={A survey of methods for explaining black box models},
  author={Guidotti, Riccardo and Monreale, Anna and Ruggieri, Salvatore and Turini, Franco and Giannotti, Fosca and Pedreschi, Dino},
  journal={ACM computing surveys (CSUR)},
  volume={51},
  number={5},
  pages={1--42},
  year={2018},
  publisher={ACM New York, NY, USA}
}

@inproceedings{ghorbani2019interpretation,
  title={Interpretation of neural networks is fragile},
  author={Ghorbani, Amirata and Abid, Abubakar and Zou, James},
  booktitle={Proceedings of the AAAI conference on artificial intelligence},
  volume={33},
  number={01},
  pages={3681--3688},
  year={2019}
}

@inproceedings{shokri2017membership,
  title={Membership inference attacks against machine learning models},
  author={Shokri, Reza and Stronati, Marco and Song, Congzheng and Shmatikov, Vitaly},
  booktitle={2017 IEEE symposium on security and privacy (SP)},
  pages={3--18},
  year={2017},
  organization={IEEE}
}

@inproceedings{hohman2019gamut,
  title={Gamut: A design probe to understand how data scientists understand machine learning models},
  author={Hohman, Fred and Head, Andrew and Caruana, Rich and DeLine, Robert and Drucker, Steven M},
  booktitle={Proceedings of the 2019 CHI conference on human factors in computing systems},
  pages={1--13},
  year={2019}
}

@inproceedings{vaccaro2018illusion,
  title={The illusion of control: Placebo effects of control settings},
  author={Vaccaro, Kristen and Huang, Dylan and Eslami, Motahhare and Sandvig, Christian and Hamilton, Kevin and Karahalios, Karrie},
  booktitle={Proceedings of the 2018 CHI Conference on Human Factors in Computing Systems},
  pages={1--13},
  year={2018}
}

@article{weld2019challenge,
  title={The challenge of crafting intelligible intelligence},
  author={Weld, Daniel S and Bansal, Gagan},
  journal={Communications of the ACM},
  volume={62},
  number={6},
  pages={70--79},
  year={2019},
  publisher={ACM New York, NY, USA}
}

@inproceedings{amershi2015modeltracker,
  title={Modeltracker: Redesigning performance analysis tools for machine learning},
  author={Amershi, Saleema and Chickering, Max and Drucker, Steven M and Lee, Bongshin and Simard, Patrice and Suh, Jina},
  booktitle={Proceedings of the 33rd Annual ACM Conference on Human Factors in Computing Systems},
  pages={337--346},
  year={2015}
}

@inproceedings{chen2016diagnostic,
  title={Diagnostic visualization for non-expert machine learning practitioners: A design study},
  author={Chen, Dong and Bellamy, Rachel KE and Malkin, Peter K and Erickson, Thomas},
  booktitle={2016 IEEE Symposium on Visual Languages and Human-Centric Computing (VL/HCC)},
  pages={87--95},
  year={2016},
  organization={IEEE}
}

@inproceedings{krause2016interacting,
  title={Interacting with predictions: Visual inspection of black-box machine learning models},
  author={Krause, Josua and Perer, Adam and Ng, Kenney},
  booktitle={Proceedings of the 2016 CHI conference on human factors in computing systems},
  pages={5686--5697},
  year={2016}
}

@online{GoogleFacets,
  title={Visualizations for ML datasets},
  author = {Google},
  year={2022},
  url={"https://pair-code.github.io/facets/"},
  url-date={07.08.2022}
}

@article{dash2018boolean,
  title={Boolean decision rules via column generation},
  author={Dash, Sanjeeb and Gunluk, Oktay and Wei, Dennis},
  journal={Advances in neural information processing systems},
  volume={31},
  year={2018}
}

@inproceedings{wei2019generalized,
  title={Generalized linear rule models},
  author={Wei, Dennis and Dash, Sanjeeb and Gao, Tian and Gunluk, Oktay},
  booktitle={International Conference on Machine Learning},
  pages={6687--6696},
  year={2019},
  organization={PMLR}
}

@inproceedings{gurumoorthy2019efficient,
  title={Efficient data representation by selecting prototypes with importance weights},
  author={Gurumoorthy, Karthik S and Dhurandhar, Amit and Cecchi, Guillermo and Aggarwal, Charu},
  booktitle={2019 IEEE International Conference on Data Mining (ICDM)},
  pages={260--269},
  year={2019},
  organization={IEEE}
}

@article{dhurandhar2018improving,
  title={Improving simple models with confidence profiles},
  author={Dhurandhar, Amit and Shanmugam, Karthikeyan and Luss, Ronny and Olsen, Peder A},
  journal={Advances in Neural Information Processing Systems},
  volume={31},
  year={2018}
}

@inproceedings{hind2019ted,
  title={TED: Teaching AI to explain its decisions},
  author={Hind, Michael and Wei, Dennis and Campbell, Murray and Codella, Noel CF and Dhurandhar, Amit and Mojsilovi{\'c}, Aleksandra and Natesan Ramamurthy, Karthikeyan and Varshney, Kush R},
  booktitle={Proceedings of the 2019 AAAI/ACM Conference on AI, Ethics, and Society},
  pages={123--129},
  year={2019}
}

@article{dhurandhar2018explanations,
  title={Explanations based on the missing: Towards contrastive explanations with pertinent negatives},
  author={Dhurandhar, Amit and Chen, Pin-Yu and Luss, Ronny and Tu, Chun-Chen and Ting, Paishun and Shanmugam, Karthikeyan and Das, Payel},
  journal={Advances in neural information processing systems},
  volume={31},
  year={2018}
}

@article{luss2019generating,
  title={Generating contrastive explanations with monotonic attribute functions},
  author={Luss, Ronny and Chen, Pin-Yu and Dhurandhar, Amit and Sattigeri, Prasanna and Shanmugam, Karthikeyan and Tu, Chun-Chen},
  year={2019}
  }

@article{kumar2017variational,
  title={Variational inference of disentangled latent concepts from unlabeled observations},
  author={Kumar, Abhishek and Sattigeri, Prasanna and Balakrishnan, Avinash},
  journal={arXiv preprint arXiv:1711.00848},
  year={2017}
}

@book{van2004concepts,
  title={Concepts, techniques, and models of computer programming},
  author={Van Roy, Peter and Haridi, Seif},
  year={2004},
  publisher={MIT press}
}

@article{zafar2019dlime,
  title={DLIME: A deterministic local interpretable model-agnostic explanations approach for computer-aided diagnosis systems},
  author={Zafar, Muhammad Rehman and Khan, Naimul Mefraz},
  journal={arXiv preprint arXiv:1906.10263},
  year={2019}
}

@article{lundberg2017unified,
  title={A unified approach to interpreting model predictions},
  author={Lundberg, Scott M and Lee, Su-In},
  journal={Advances in neural information processing systems},
  volume={30},
  year={2017}
}

@inproceedings{ribeiro2018anchors,
  title={Anchors: High-precision model-agnostic explanations},
  author={Ribeiro, Marco Tulio and Singh, Sameer and Guestrin, Carlos},
  booktitle={Proceedings of the AAAI conference on artificial intelligence},
  volume={32},
  number={1},
  year={2018}
}

@book{molnar2022,
  title      = {Interpretable Machine Learning},
  author     = {Christoph Molnar},
  year       = {2022},
  subtitle   = {A Guide for Making Black Box Models Explainable},
  edition    = {2},
  url        = {https://christophm.github.io/interpretable-ml-book}
}

@article{wachter2017counterfactual,
  title={Counterfactual explanations without opening the black box: Automated decisions and the GDPR},
  author={Wachter, Sandra and Mittelstadt, Brent and Russell, Chris},
  journal={Harv. JL \& Tech.},
  volume={31},
  pages={841},
  year={2017},
  publisher={HeinOnline}
}

@inproceedings{dandl2020multi,
  title={Multi-objective counterfactual explanations},
  author={Dandl, Susanne and Molnar, Christoph and Binder, Martin and Bischl, Bernd},
  booktitle={International Conference on Parallel Problem Solving from Nature},
  pages={448--469},
  year={2020},
  organization={Springer}
}

@book{Gianfagna.2021,
 author = {Gianfagna, Leonida},
 year = {2021},
 title = {Explainable AI with Python},
 url = {https://ebookcentral.proquest.com/lib/kxp/detail.action?docID=6578043},
 address = {Cham},
 publisher = {{Springer International Publishing AG}},
 isbn = {978-3-030-68639-0}
}

@article{friedman2001greedy,
  title={Greedy function approximation: a gradient boosting machine},
  author={Friedman, Jerome H},
  journal={Annals of statistics},
  pages={1189--1232},
  year={2001},
  publisher={JSTOR}
}

@article{apley2020visualizing,
  title={Visualizing the effects of predictor variables in black box supervised learning models},
  author={Apley, Daniel W and Zhu, Jingyu},
  journal={Journal of the Royal Statistical Society: Series B (Statistical Methodology)},
  volume={82},
  number={4},
  pages={1059--1086},
  year={2020},
  publisher={Wiley Online Library}
}

@article{pearson1901liii,
  title={LIII. On lines and planes of closest fit to systems of points in space},
  author={Pearson, Karl},
  journal={The London, Edinburgh, and Dublin philosophical magazine and journal of science},
  volume={2},
  number={11},
  pages={559--572},
  year={1901},
  publisher={Taylor \& Francis}
}

@article{bach2015pixel,
  title={On pixel-wise explanations for non-linear classifier decisions by layer-wise relevance propagation},
  author={Bach, Sebastian and Binder, Alexander and Montavon, Gr{\'e}goire and Klauschen, Frederick and M{\"u}ller, Klaus-Robert and Samek, Wojciech},
  journal={PloS one},
  volume={10},
  number={7},
  pages={e0130140},
  year={2015},
  publisher={Public Library of Science San Francisco, CA USA}
}

@article{simonyan2013deep,
  title={Deep inside convolutional networks: Visualising image classification models and saliency maps},
  author={Simonyan, Karen and Vedaldi, Andrea and Zisserman, Andrew},
  journal={arXiv preprint arXiv:1312.6034},
  year={2013}
}

@inproceedings{shrikumar2017learning,
  title={Learning important features through propagating activation differences},
  author={Shrikumar, Avanti and Greenside, Peyton and Kundaje, Anshul},
  booktitle={International conference on machine learning},
  pages={3145--3153},
  year={2017},
  organization={PMLR}
}

@inproceedings{zeiler2014visualizing,
  title={Visualizing and understanding convolutional networks},
  author={Zeiler, Matthew D and Fergus, Rob},
  booktitle={European conference on computer vision},
  pages={818--833},
  year={2014},
  organization={Springer}
}

@inproceedings{kim2018interpretability,
  title={Interpretability beyond feature attribution: Quantitative testing with concept activation vectors (tcav)},
  author={Kim, Been and Wattenberg, Martin and Gilmer, Justin and Cai, Carrie and Wexler, James and Viegas, Fernanda and others},
  booktitle={International conference on machine learning},
  pages={2668--2677},
  year={2018},
  organization={PMLR}
}

@inproceedings{rdusseeun1987clustering,
  title={Clustering by means of medoids},
  author={Rdusseeun, LKPJ and Kaufman, P},
  booktitle={Proceedings of the statistical data analysis based on the L1 norm conference, neuchatel, switzerland},
  volume={31},
  year={1987}
}

@article{kim2016examples,
  title={Examples are not enough, learn to criticize! criticism for interpretability},
  author={Kim, Been and Khanna, Rajiv and Koyejo, Oluwasanmi O},
  journal={Advances in neural information processing systems},
  volume={29},
  year={2016}
}

@online{shap-beispiel,
  title={SHAP (SHapley Additive exPlanations) Github Library},
  author = {Lundberg, Scott},
  year={2022},
  url={"https://github.com/slundberg/shap"},
  url-date={17.08.2022}
}
@online{ICE-beispiel,
  title={Explainable AI (XAI) Methods Part 2— Individual Conditional Expectation (ICE) Curves},
  author = {Kim, Seungjun},
  year={2021},
  url={"https://towardsdatascience.com/explainable-ai-xai-methods-part-2-individual-conditional-expectation-ice-curves-8fe76919aab7"},
  url-date={18.08.2022}
}

@online{LIME-beispiel,
  title={Diabetes Prediction Model Explanation using LIME},
  author = {Raoniar, Rahul },
  year={2020},
  url={"https://onezero.blog/diabetes-prediction-model-explanation-using-lime/"},
  url-date={21.08.2022}
}

@inproceedings{slack2020fooling,
  title={Fooling lime and shap: Adversarial attacks on post hoc explanation methods},
  author={Slack, Dylan and Hilgard, Sophie and Jia, Emily and Singh, Sameer and Lakkaraju, Himabindu},
  booktitle={Proceedings of the AAAI/ACM Conference on AI, Ethics, and Society},
  pages={180--186},
  year={2020}
}

@book{shapley1951notes,
  title={Notes on the N-person Game--I: Characteristic-point Solutions of the Four-person Game},
  author={Shapley, Lloyd S},
  year={1951},
  publisher={Rand Corporation}
}

@book{Nandi.2022,
 author = {Nandi, Anirban and Pal, Aditya Kumar},
 year = {2022},
 title = {Interpreting Machine Learning Models},
 address = {Berkeley, CA},
 publisher = {Apress},
 isbn = {978-1-4842-7801-7},
 doi = {10.1007/978-1-4842-7802-4}
}

@inproceedings{mothilal2020explaining,
  title={Explaining machine learning classifiers through diverse counterfactual explanations},
  author={Mothilal, Ramaravind K and Sharma, Amit and Tan, Chenhao},
  booktitle={Proceedings of the 2020 conference on fairness, accountability, and transparency},
  pages={607--617},
  year={2020}
}

@article{dhurandhar2019model,
  title={Model agnostic contrastive explanations for structured data},
  author={Dhurandhar, Amit and Pedapati, Tejaswini and Balakrishnan, Avinash and Chen, Pin-Yu and Shanmugam, Karthikeyan and Puri, Ruchir},
  journal={arXiv preprint arXiv:1906.00117},
  year={2019}
}

@article{guidotti2018local,
  title={Local rule-based explanations of black box decision systems},
  author={Guidotti, Riccardo and Monreale, Anna and Ruggieri, Salvatore and Pedreschi, Dino and Turini, Franco and Giannotti, Fosca},
  journal={arXiv preprint arXiv:1805.10820},
  year={2018}
}